@online{javapkg-httpserver,
author = "Oracle i/lub jej spółki zależne",
title = "Package com.sun.net.httpserver",
url = "https://docs.oracle.com/en/java/javase/21/docs/api/jdk.httpserver/com/sun/net/httpserver/package-summary.html",
keywords = "java,jdk,specification"
}

@online{httpsserver,
author = "Opiekunowie projektu OpenJDK",
title = "Definicja HttpsServer",
url = "https://github.com/openjdk/jdk/blob/master/src/jdk.httpserver/share/classes/com/sun/net/httpserver/HttpsServer.java#L48",
keywords = "java,jdk,code,https"
}